@misc{Jeremiah,
author = {Jeremiah, John},
title = {{Agile vs. waterfall: Survey shows agile is now the norm}},
url = {https://techbeacon.com/app-dev-testing/survey-agile-new-norm},
urldate = {2019-04-24}
}
@misc{Richardson,
author = {Richardson, Chris},
title = {{What are microservices?}},
url = {https://microservices.io/},
urldate = {2019-04-24}
}
@book{Newman2015,
author = {Newman, Sam},
publisher = {O'Reilly Media},
title = {{Building Microservices}},
year = {2015}
}
@misc{Conway,
author = {Conway, Melvin E.},
mendeley-groups = {Devops-Microservices},
title = {{Conway's Law}},
url = {http://www.melconway.com/Home/Conways{\_}Law.html},
urldate = {2019-04-25}
}
